%% start of file `publications.bib'.
%% Copyright 2006-2012 Xavier Danaux (xdanaux at gmail.com).
%
% This work may be distributed and/or modified under the
% conditions of the LaTeX Project Public License version 1.3c,
% available at http://www.latex-project.org/lppl/.

% @misc{misc3,
%   title        = {On the almost variant of local cohomology and \v{C}ech cohomology},
%   author       = {\textbf{R.Ishizuka}},
%   year         = {In preparation},
%   eprint       = {},
%   archivePrefix= {},
%   primaryClass = {}
% }

@misc{misc4,
  title        = {Prismatic Kunz's theorem},
  author       = {\textbf{R.Ishizuka} and K.Nakazato},
  year         = {arXiv:2402.06207},
  eprint       = {2402.06207},
  publisher    = {arXiv},
  url          = {https://arxiv.org/abs/2402.06207},
  archivePrefix= {arxiv}
}

@misc{misc3,
  title        = {Tilting and untilting for ideals in perfectoid rings},
  author       = {D.Dine and \textbf{R.Ishizuka}},
  year         = {},
  number       = {arXiv:2308.09600},
  eprint       = {2308.0960},
  publisher    = {arXiv},
  url          = {https://arxiv.org/abs/2308.09600},
  archivePrefix= {arxiv}
}

@misc{misc2,
  title        = {A calculation of the perfectoidization of semiperfectoid rings},
  author       = {\textbf{R.Ishizuka}},
  year         = {to appear in Nagoya Math. J.},
  number       = {arXiv:2305.07916},
  eprint       = {2305.07916},
  publisher    = {arXiv},
  url          = {https://arxiv.org/abs/2305.07916},
  archivePrefix= {arxiv}
  
}


@misc{misc1,
title        = {A mixed characteristic analogue of the perfection of rings and its almost Cohen-Macaulay property},
author       = {\textbf{R.Ishizuka} and K.Shimomoto},
year         = {},
number       = {arxiv:2303.13872},
eprint       = {2303.13872},
publisher    = {arXiv},
url          = {https://arxiv.org/abs/2303.13872},
archivePrefix= {arxiv}
}

%% end of file `publications.bib'.
